@incollection{Svanberg2023,
  title={Laser Spectroscopy},
  author={Svanberg, Sune},
  booktitle={Atomic and Molecular Spectroscopy: Basic Aspects and Practical Applications},
  pages={339--454},
  year={2023},
  publisher={Springer}
}

@article{Abdelazim2023,
  title={Green adherent spectrophotometric determination of molnupiravir based on computational calculations; application to a recently FDA-approved pharmaceutical dosage form},
  author={Abdelazim, Ahmed H and Abourehab, Mohammed AS and Abd Elhalim, Lobna M and Almrasy, Ahmed A and Ramzy, Sherif},
  journal={Spectrochimica Acta Part A: Molecular and Biomolecular Spectroscopy},
  volume={285},
  pages={121911},
  year={2023},
  publisher={Elsevier}
}

@article{Jiang2022,
  title={A rapid classification method of tea products utilizing X-ray photoelectron spectroscopy: Relationship derived from correlation analysis, modeling, and quantum chemical calculation},
  author={Jiang, Liu and Zheng, Kang},
  journal={Food Research International},
  volume={160},
  pages={111689},
  year={2022},
  publisher={Elsevier}
}

@article{Puzzarini2023,
  title={Hunting for interstellar molecules: Rotational spectra of reactive species},
  author={Puzzarini, Cristina and Alessandrini, Silvia and Bizzocchi, Luca and Melosso, Mattia},
  journal={Faraday Discussions},
  year={2023},
  publisher={Royal Society of Chemistry}
}

@article{Slater1951,
  title={A simplification of the Hartree-Fock method},
  author={Slater, John C},
  journal={Physical Review},
  volume={81},
  number={3},
  pages={385},
  year={1951},
  publisher={APS}
}

@book{Szabo2012,
  title={Modern quantum chemistry: introduction to advanced electronic structure theory},
  author={Szabo, Attila and Ostlund, Neil S},
  year={2012},
  publisher={Courier Corporation}
}

@incollection{Sherrill1999,
  title={The configuration interaction method: Advances in highly correlated approaches},
  author={Sherrill, C David and Schaefer III, Henry F},
  booktitle={Advances in Quantum Chemistry},
  volume={34},
  pages={143--269},
  year={1999},
  publisher={Elsevier}
}

@article{Crawford2000,
  title={An introduction to coupled cluster theory for computational chemists},
  author={Crawford, T Daniel and Schaefer, Henry F},
  journal={Reviews in Computational Chemistry},
  volume={14},
  pages={33--136},
  year={2000},
  publisher={Wiley; 1999}
}

@article{Purvis1982,
  title={A full coupled-cluster singles and doubles model: The inclusion of disconnected triples},
  author={Purvis III, George D and Bartlett, Rodney J},
  journal={The Journal of Chemical Physics},
  volume={76},
  number={4},
  pages={1910--1918},
  year={1982},
  publisher={American Institute of Physics}
}

@article{Christiansen1995,
  title={The second-order approximate coupled cluster singles and doubles model CC2},
  author={Christiansen, Ove and Koch, Henrik and J{\o}rgensen, Poul},
  journal={Chemical Physics Letters},
  volume={243},
  number={5-6},
  pages={409--418},
  year={1995},
  publisher={Elsevier}
}

@article{Koch1997,
  title={The CC3 model: An iterative coupled cluster approach including connected triples},
  author={Koch, Henrik and Christiansen, Ove and Sanchez de Mer{\'a}s, Alfredo M and Helgaker, Trygve and others},
  journal={The Journal of Chemical Physics},
  volume={106},
  number={5},
  pages={1808--1818},
  year={1997},
  publisher={AIP Publishing}
}

@article{Rosenfeld1929,
  title={Quantenmechanische Theorie der nat{\"u}rlichen optischen Aktivit{\"a}t von Fl{\"u}ssigkeiten und Gasen},
  author={Rosenfeld, L},
  journal={Zeitschrift f{\"u}r Physik},
  volume={52},
  number={3-4},
  pages={161--174},
  year={1929},
  publisher={Springer}
}

@article{Olsen1985,
  title={Linear and nonlinear response functions for an exact state and for an MCSCF state},
  author={Olsen, Jeppe and Jo/rgensen, Poul},
  journal={The Journal of Chemical Physics},
  volume={82},
  number={7},
  pages={3235--3264},
  year={1985},
  publisher={American Institute of Physics}
}

@article{Sekino1984,
  title={A linear response, coupled-cluster theory for excitation energy},
  author={Sekino, Hideo and Bartlett, Rodney J},
  journal={International Journal of Quantum Chemistry},
  volume={26},
  number={S18},
  pages={255--265},
  year={1984},
  publisher={Wiley Online Library}
}

@article{Kobayashi1994,
  title={Calculation of frequency-dependent polarizabilities using coupled-cluster response theory},
  author={Kobayashi, Rika and Koch, Henrik and J$\varphi$rgensen, Poul},
  journal={Chemical Physics Letters},
  volume={219},
  number={1-2},
  pages={30--35},
  year={1994},
  publisher={Elsevier}
}

@article{Roos1996,
  title={Advances in Chemical Physics: New Methods in Computational Quantum Mechanics},
  author={Roos, Bj{\"o}rn O and Andersson, Kerstin and F{\"u}lscher, MP and Malmqvist, P{\AA} and Serrano-Andr{\'e}s, Luis and Pierloot, Kristin and Merch{\'a}n, Manuela},
  journal={Volume},
  volume={93},
  pages={219},
  year={1996}
}

@article{Coriani2012,
  title={Coupled-cluster response theory for near-edge x-ray-absorption fine structure of atoms and molecules},
  author={Coriani, Sonia and Christiansen, Ove and Fransson, Thomas and Norman, Patrick},
  journal={Physical Review A},
  volume={85},
  number={2},
  pages={022507},
  year={2012},
  publisher={APS}
}

@article{Goings2018,
  title={Real-time time-dependent electronic structure theory},
  author={Goings, Joshua J and Lestrange, Patrick J and Li, Xiaosong},
  journal={Wiley Interdisciplinary Reviews: Computational Molecular Science},
  volume={8},
  number={1},
  pages={e1341},
  year={2018},
  publisher={Wiley Online Library}
}

@article{Li2020,
  title={Real-time time-dependent electronic structure theory},
  author={Li, Xiaosong and Govind, Niranjan and Isborn, Christine and DePrince III, A Eugene and Lopata, Kenneth},
  journal={Chemical Reviews},
  volume={120},
  number={18},
  pages={9951--9993},
  year={2020},
  publisher={ACS Publications}
}

@article{Ding2013,
  title={An efficient method for calculating dynamical hyperpolarizabilities using real-time time-dependent density functional theory},
  author={Ding, Feizhi and Van Kuiken, Benjamin E and Eichinger, Bruce E and Li, Xiaosong},
  journal={The Journal of Chemical Physics},
  volume={138},
  number={6},
  pages={064104},
  year={2013},
  publisher={American Institute of Physics}
}

@article{Krylov2000,
  title={Excited states theory for optimized orbitals and valence optimized orbitals coupled-cluster doubles models},
  author={Krylov, Anna I and Sherrill, C David and Head-Gordon, Martin},
  journal={The Journal of Chemical Physics},
  volume={113},
  number={16},
  pages={6509--6527},
  year={2000},
  publisher={American Institute of Physics}
}

@article{Kristiansen2022,
  title={Linear and nonlinear optical properties from TDOMP2 theory},
  author={Kristiansen, HaÌŠkon Emil and Ofstad, Benedicte Sverdrup and Hauge, Eirill and Aurbakken, Einar and Sch{\o}yen, {\O}yvind Sigmundson and Kvaal, Simen and Pedersen, Thomas Bondo},
  journal={Journal of Chemical Theory and Computation},
  volume={18},
  number={6},
  pages={3687--3702},
  year={2022},
  publisher={ACS Publications}
}
