@article{IEEE-754-2019,
  title={IEEE standard for floating-point arithmetic. IEEE Std 754-2019 (Revision of IEEE 754-2008)},
  author={Microprocessor Standards Committee and others},
  journal={IEEE Computer Society, New York, NY, USA},
  year={2019}
}
  
@article{Crawford2000,
  title={An introduction to coupled cluster theory for computational chemists},
  author={Crawford, T Daniel and Schaefer, Henry F},
  journal={Reviews in computational chemistry},
  volume={14},
  pages={33--136},
  year={2000},
  publisher={Wiley; 1999}
}

@article{Bartlett2010,
  title={The coupled-cluster revolution},
  author={Bartlett, Rodney J},
  journal={Molecular Physics},
  volume={108},
  number={21-23},
  pages={2905--2920},
  year={2010},
  publisher={Taylor \& Francis}
}

@article{Vila2020,
  title={Real-time coupled-cluster approach for the cumulant Green’s function},
  author={Vila, Fernando D and Rehr, John J and Kas, Joshua J and Kowalski, Karol and Peng, Bo},
  journal={Journal of Chemical Theory and Computation},
  volume={16},
  number={11},
  pages={6983--6992},
  year={2020},
  publisher={ACS Publications}
}

@article{DePrince2011,
  title={Coupled cluster theory on graphics processing units I. The coupled cluster doubles method},
  author={DePrince III, A Eugene and Hammond, Jeff R},
  journal={Journal of chemical theory and computation},
  volume={7},
  number={5},
  pages={1287--1295},
  year={2011},
  publisher={ACS Publications}
}

@book{Butcher1987,
  title={The numerical analysis of ordinary differential equations: Runge-Kutta and general linear methods},
  author={Butcher, John Charles},
  year={1987},
  publisher={Wiley-Interscience}
}

@article{Butcher1963,
  title={Coefficients for the study of Runge-Kutta integration processes},
  author={Butcher, John C},
  journal={Journal of the Australian Mathematical Society},
  volume={3},
  number={2},
  pages={185--201},
  year={1963},
  publisher={Cambridge University Press}
}

@article{Butcher1996,
  title={A history of Runge-Kutta methods},
  author={Butcher, John Charles},
  journal={Applied numerical mathematics},
  volume={20},
  number={3},
  pages={247--260},
  year={1996},
  publisher={Elsevier}
}

@article{Press1992,
  title={Adaptive Stepsize Runge-Kutta Integration},
  author={Press, William H and Teukolsky, Saul A},
  journal={Computers in Physics},
  volume={6},
  number={2},
  pages={188--191},
  year={1992},
  publisher={American Institute of Physics}
}

@article{Cameron1988,
  title={Adaptive Runge-Kutta algorithms for dynamic simulation},
  author={Cameron, IT and Gani, R},
  journal={Computers \& chemical engineering},
  volume={12},
  number={7},
  pages={705--717},
  year={1988},
  publisher={Elsevier}
}

@article{Bastani2007,
  title={A new adaptive Runge--Kutta method for stochastic differential equations},
  author={Bastani, A Foroush and Hosseini, S Mohammad},
  journal={Journal of computational and applied mathematics},
  volume={206},
  number={2},
  pages={631--644},
  year={2007},
  publisher={Elsevier}
}

@article{Turney2012,
  title={Psi4: an open-source ab initio electronic structure program},
  author={Turney, Justin M and Simmonett, Andrew C and Parrish, Robert M and Hohenstein, Edward G and Evangelista, Francesco A and Fermann, Justin T and Mintz, Benjamin J and Burns, Lori A        and Wilke, Jeremiah J and Abrams, Micah L and others},
  journal={Wiley Interdisciplinary Reviews: Computational Molecular Science},
  volume={2},
  number={4}, 
  pages={556--565},
  year={2012},
  publisher={Wiley Online Library}
}

@article{Paszke2019,
  title={Pytorch: An imperative style, high-performance deep learning library},
  author={Paszke, Adam and Gross, Sam and Massa, Francisco and Lerer, Adam and Bradbury, James and Chanan, Gregory and Killeen, Trevor and Lin, Zeming and Gimelshein, Natalia and Antiga, Luca and others},
  journal={Advances in neural information processing systems},
  volume={32},
  year={2019}
}

@article{Smith2018,
  title={Opt\textunderscore einsum_einsum-a python package for optimizing contraction order for einsum-like expressions},
  author={Daniel G. A. Smith and Johnnie Gray},
  journal={Journal of Open Source Software},
  volume={3},
  number={26},
  pages={753},
  year={2018}
}

@article{Vogt2008,
  title={Accelerating resolution-of-the-identity second-order M{\o}ller- Plesset quantum chemistry calculations with graphical processing units},
  author={Vogt, Leslie and Olivares-Amaya, Roberto and Kermes, Sean and Shao, Yihan and Amador-Bedolla, Carlos and Aspuru-Guzik, Alan},
  journal={The Journal of Physical Chemistry A},
  volume={112},
  number={10},
  pages={2049--2057},
  year={2008},
  publisher={ACS Publications}
}

@article{psi4numpy,
  title={Psi4NumPy: An interactive quantum chemistry programming environment for reference implementations and rapid development},
  author={Smith, Daniel GA and Burns, Lori A and Sirianni, Dominic A and Nascimento, Daniel R and Kumar, Ashutosh and James, Andrew M and Schriber, Jeffrey B and Zhang, Tianyuan and Zhang, Boyi and Abbott, Adam S and others},
  journal={Journal of chemical theory and computation},
  volume={14},
  number={7},
  pages={3504--3511},
  year={2018},
  publisher={ACS Publications}
}

@article{Yasuda2008,
  title={Two-electron integral evaluation on the graphics processor unit},
  author={Yasuda, Koji},
  journal={Journal of Computational Chemistry},
  volume={29},
  number={3},
  pages={334--342},
  year={2008},
  publisher={Wiley Online Library}
}

@article{Luehr2011,
  title={Dynamic precision for electron repulsion integral evaluation on graphical processing units (GPUs)},
  author={Luehr, Nathan and Ufimtsev, Ivan S and Martinez, Todd J},
  journal={Journal of Chemical Theory and Computation},
  volume={7},
  number={4},
  pages={949--954},
  year={2011},
  publisher={ACS Publications}
}

@article{Ufimtsev2008,
  title={Graphical processing units for quantum chemistry},
  author={Ufimtsev, Ivan S and Martinez, Todd J},
  journal={Computing in Science \& Engineering},
  volume={10},
  number={6},
  pages={26--34},
  year={2008},
  publisher={IEEE}
}

@article{Ufimtsev2008quantum,
  title={Quantum chemistry on graphical processing units. 1. Strategies for two-electron integral evaluation},
  author={Ufimtsev, Ivan S and Martinez, Todd J},
  journal={Journal of Chemical Theory and Computation},
  volume={4},
  number={2},
  pages={222--231},
  year={2008},
  publisher={ACS Publications}
}
	
@article{Pokhilko2018,
  title={Double precision is not needed for many-body calculations: Emergent conventional wisdom},
  author={Pokhilko, Pavel and Epifanovsky, Evgeny and Krylov, Anna I},
  journal={Journal of Chemical Theory and Computation},
  volume={14},
  number={8},
  pages={4088--4096},
  year={2018},
  publisher={ACS Publications}
}

@article{Olson2007,
  title={A novel approach to parallel coupled cluster calculations: Combining distributed and shared memory techniques for modern cluster based systems},
  author={Olson, Ryan M and Bentz, Jonathan L and Kendall, Ricky A and Schmidt, Michael W and Gordon, Mark S},
  journal={Journal of Chemical Theory and Computation},
  volume={3},
  number={4},
  pages={1312--1328},
  year={2007},
  publisher={ACS Publications}
}

@article{Solomonik2014,
  title={A massively parallel tensor contraction framework for coupled-cluster computations},
  author={Solomonik, Edgar and Matthews, Devin and Hammond, Jeff R and Stanton, John F and Demmel, James},
  journal={Journal of Parallel and Distributed Computing},
  volume={74},
  number={12},
  pages={3176--3190},
  year={2014},
  publisher={Elsevier}
}

@article{Janowski2007,
  title={Parallel calculation of coupled cluster singles and doubles wave functions using array files},
  author={Janowski, Tomasz and Ford, Alan R and Pulay, Peter},
  journal={Journal of Chemical Theory and Computation},
  volume={3},
  number={4},
  pages={1368--1377},
  year={2007},
  publisher={ACS Publications}
}

@article{Anisimov2014,
  title={Optimization of the coupled cluster implementation in NWChem on petascale parallel architectures},
  author={Anisimov, Victor M and Bauer, Gregory H and Chadalavada, Kalyana and Olson, Ryan M and Glenski, Joseph W and Kramer, William TC and Apra, Edoardo and Kowalski, Karol},
  journal={Journal of Chemical Theory and Computation},
  volume={10},
  number={10},
  pages={4307--4316},
  year={2014},
  publisher={ACS Publications}
}

@misc{cuda, 
  author={NVIDIA and Vingelmann, Péter and Fitzek, Frank H.P.}, 
  title={CUDA, release: 10.2.89}, 
  year={2020}, 
  url={https://developer.nvidia.com/cuda-toolkit}
}

@article{Stone2010,
  title={OpenCL: A parallel programming standard for heterogeneous computing systems},
  author={Stone, John E and Gohara, David and Shi, Guochun},
  journal={Computing in science \& engineering},
  volume={12},
  number={3},
  pages={66},
  year={2010},
  publisher={NIH Public Access}
}
  
@misc{tensorflow2015,
  title={ {TensorFlow}: Large-Scale Machine Learning on Heterogeneous Systems},
  url={https://www.tensorflow.org/},
  note={Software available from tensorflow.org},
  author={Mart\'{\i}n~Abadi and Ashish~Agarwal and Paul~Barham and Eugene~Brevdo and Zhifeng~Chen and Craig~Citro and
               Greg~S.~Corrado and Andy~Davis and Jeffrey~Dean and Matthieu~Devin and Sanjay~Ghemawat and Ian~Goodfellow and
               Andrew~Harp and Geoffrey~Irving and Michael~Isard and Yangqing Jia and Rafal~Jozefowicz and Lukasz~Kaiser and
               Manjunath~Kudlur and Josh~Levenberg and Dandelion~Man\'{e} and Rajat~Monga and Sherry~Moore and Derek~Murray and 
               Chris~Olah and Mike~Schuster and Jonathon~Shlens and Benoit~Steiner and Ilya~Sutskever and Kunal~Talwar and
               Paul~Tucker and Vincent~Vanhoucke and Vijay~Vasudevan and Fernanda~Vi\'{e}gas and Oriol~Vinyals and Pete~Warden and
               Martin~Wattenberg and Martin~Wicke and Yuan~Yu and Xiaoqiang~Zheng},
  year={2015}
}

@book{Fehlberg1968,
  title={Classical fifth-, sixth-, seventh-, and eighth-order Runge-Kutta formulas with stepsize control},
  author={Fehlberg, Erwin},
  year={1968},
  publisher={National Aeronautics and Space Administration}
}

@article{Cash1990,
  title={A variable order Runge-Kutta method for initial value problems with rapidly varying right-hand sides},
  author={Cash, Jeff R and Karp, Alan H},
  journal={ACM Transactions on Mathematical Software (TOMS)},
  volume={16},
  number={3},
  pages={201--222},
  year={1990},
  publisher={ACM New York, NY, USA}
}

@article{Hairer1999,
  title={Stiff differential equations solved by Radau methods},
  author={Hairer, Ernst and Wanner, Gerhard},
  journal={Journal of Computational and Applied Mathematics},
  volume={111},
  number={1-2},
  pages={93--111},
  year={1999},
  publisher={Elsevier}
}

@article{Stanton1991,
  title={A direct product decomposition approach for symmetry exploitation in many-body methods. I. Energy calculations},
  author={Stanton, John F and Gauss, J{\"u}rgen and Watts, John D and Bartlett, Rodney J},
  journal={The Journal of Chemical Physics},
  volume={94},
  number={6},
  pages={4334--4345},
  year={1991},
  publisher={American Institute of Physics}
}

@article{Asadchev2012,
  title={Mixed-precision evaluation of two-electron integrals by Rys quadrature},
  author={Asadchev, Andrey and Gordon, Mark S},
  journal={Computer Physics Communications},
  volume={183},
  number={8},
  pages={1563--1567},
  year={2012},
  publisher={Elsevier}
}

@article{Pedersen2019,
  title={Symplectic integration and physical interpretation of time-dependent coupled-cluster theory},
  author={Pedersen, Thomas Bondo and Kvaal, Simen},
  journal={The Journal of chemical physics},
  volume={150},
  number={14},
  pages={144106},
  year={2019},
  publisher={AIP Publishing LLC}
}

@article{Tornai2019,
  title={Calculation of quantum chemical two-electron integrals by applying compiler technology on GPU},
  author={Tornai, Gábor János and Ladj{\'a}nszki, Istv{\'a}n and R{\'a}k, {\'A}d{\'a}m and Kis, Gergely and Cserey, György},
  journal={Journal of Chemical Theory and Computation},
  volume={15},
  number={10},
  pages={5319--5331},
  year={2019},
  publisher={ACS Publications}
}

@article{Tussupbayev2015,
  title={Comparison of real-time and linear-response time-dependent density functional theories for molecular chromophores ranging from sparse to high densities of states},
  author={Tussupbayev, Samat and Govind, Niranjan and Lopata, Kenneth and Cramer, Christopher J},
  journal={Journal of chemical theory and computation},
  volume={11},
  number={3},
  pages={1102--1109},
  year={2015},
  publisher={ACS Publications}
}

@article{Rosenfeld1929,
  title={Quantenmechanische Theorie der nat{\"u}rlichen optischen Aktivit{\"a}t von Fl{\"u}ssigkeiten und Gasen},
  author={Rosenfeld, L},
  journal={Zeitschrift f{\"u}r Physik},
  volume={52},
  number={3},
  pages={161--174},
  year={1929},
  publisher={Springer}
}

@article{Buckingham1967,
  title={Permanent and induced molecular moments and long-range intermolecular forces},
  author={Buckingham, Ao D},
  journal={Advances in Chemical Physics: Intermolecular Forces},
  pages={107--142},
  year={1967},
  publisher={Wiley Online Library}
}

@article{Crawford2006,
  title={Ab initio calculation of molecular chiroptical properties},
  author={Crawford, T Daniel},
  journal={Theoretical Chemistry Accounts},
  volume={115},
  number={4},
  pages={227--245},
  year={2006},
  publisher={Springer}
}

@article{Parker2016,
  title={Unphysical divergences in response theory},
  author={Parker, Shane M and Roy, Saswata and Furche, Filipp},
  journal={The Journal of chemical physics},
  volume={145},
  number={13},
  pages={134105},
  year={2016},
  publisher={AIP Publishing LLC}
}

@article{McCullough1969,
  title={Quantum dynamics of the collinear (H, H2) reaction},
  author={McCullough Jr, Edward A and Wyatt, Robert E},
  journal={The Journal of Chemical Physics},
  volume={51},
  number={3},
  pages={1253--1254},
  year={1969},
  publisher={American Institute of Physics}
}

@article{Kosloff1988,
  title={Time-dependent quantum-mechanical methods for molecular dynamics},
  author={Kosloff, Ronnie},
  journal={The Journal of Physical Chemistry},
  volume={92},
  number={8},
  pages={2087--2100},
  year={1988},
  publisher={ACS Publications}
}

@article{Zhao2020,
  title={Real-time time-dependent nuclear- electronic orbital approach: dynamics beyond the Born--Oppenheimer approximation},
  author={Zhao, Luning and Tao, Zhen and Pavošević, Fabijan and Wildman, Andrew and Hammes-Schiffer, Sharon and Li, Xiaosong},
  journal={The Journal of Physical Chemistry Letters},
  volume={11},
  number={10},
  pages={4052--4058},
  year={2020},
  publisher={ACS Publications}
}

@article{Goings2018,
  title={Real-time time-dependent electronic structure theory},
  author={Goings, Joshua J and Lestrange, Patrick J and Li, Xiaosong},
  journal={Wiley Interdisciplinary Reviews: Computational Molecular Science},
  volume={8},
  number={1},
  pages={e1341},
  year={2018},
  publisher={Wiley Online Library}
}

@article{Li2005,
  title={A time-dependent Hartree--Fock approach for studying the electronic optical response of molecules in intense fields},
  author={Li, Xiaosong and Smith, Stanley M and Markevitch, Alexei N and Romanov, Dmitri A and Levis, Robert J and Schlegel, H Bernhard},
  journal={Physical Chemistry Chemical Physics},
  volume={7},
  number={2},
  pages={233--239},
  year={2005},
  publisher={Royal Society of Chemistry}
}
  
@article{Klamroth2003,
  title={Laser-driven electron transfer through metal-insulator-metal contacts: Time-dependent configuration interaction singles calculations for a jellium model},
  author={Klamroth, Tillmann},
  journal={Physical Review B},
  volume={68},
  number={24},
  pages={245421},
  year={2003},
  publisher={APS}
}
 
@article{Schlegel2007,
  title={Electronic optical response of molecules in intense fields: Comparison of TD-HF, TD-CIS, and TD-CIS (D) approaches},
  author={Schlegel, H Bernhard and Smith, Stanley M and Li, Xiaosong},
  journal={The Journal of Chemical Physics},
  volume={126},
  number={24},
  pages={244110},
  year={2007},
  publisher={American Institute of Physics}
}
  
@article{Nascimento2017,
  title={Simulation of near-edge X-ray absorption fine structure with time-dependent equation-of-motion coupled-cluster theory},
  author={Nascimento, Daniel R and DePrince III, A Eugene},
  journal={The Journal of Physical Chemistry Letters},
  volume={8},
  number={13},
  pages={2951--2957},
  year={2017},
  publisher={ACS Publications}
}

@article{Nascimento2016,
  title={Linear absorption spectra from explicitly time-dependent equation-of-motion coupled-cluster theory},
  author={Nascimento, Daniel R and DePrince III, A Eugene},
  journal={Journal of chemical theory and computation},
  volume={12},
  number={12},
  pages={5834--5840},
  year={2016},
  publisher={ACS Publications}
}

@article{Kristiansen2020,
  title={Numerical stability of time-dependent coupled-cluster methods for many-electron dynamics in intense laser pulses},
  author={Kristiansen, H{\aa}kon Emil and Sch{\o}yen, {\O}yvind Sigmundson and Kvaal, Simen and Pedersen, Thomas Bondo},
  journal={The Journal of Chemical Physics},
  volume={152},
  number={7},
  pages={071102},
  year={2020},
  publisher={AIP Publishing LLC}
}

@article{Sanchez2010,
  title={Real-time TD-DFT simulations in dye sensitized solar cells: the electronic absorption spectrum of alizarin supported on TiO2 nanoclusters},
  author={S\'anchez-de-Armas, Roc\'io and Oviedo Lopez, Jaime and A. San-Miguel, Miguel and Sanz, Javier Fdez and Ordej{\'o}n, Pablo and Pruneda, Miguel},
  journal={Journal of Chemical Theory and Computation},
  volume={6},
  number={9},
  pages={2856--2865},
  year={2010},
  publisher={ACS Publications}
}

@article{Kolesov2016,
  title={Real-time TD-DFT with classical ion dynamics: Methodology and applications},
  author={Kolesov, Grigory and Gr{\aa}n{\"a}s, Oscar and Hoyt, Robert and Vinichenko, Dmitry and Kaxiras, Efthimios},
  journal={Journal of Chemical Theory and Computation},
  volume={12},
  number={2},
  pages={466--476},
  year={2016},
  publisher={ACS Publications}
}

@article{Provorse2016,
  title={Electron dynamics with real-time time-dependent density functional theory},
  author={Provorse, Makenzie R and Isborn, Christine M},
  journal={International Journal of Quantum Chemistry},
  volume={116},
  number={10},
  pages={739--749},
  year={2016},
  publisher={Wiley Online Library}
}

@article{Bruner2016,
  title={Accelerated broadband spectra using transition dipole decomposition and Pad{\'e} approximants},
  author={Bruner, Adam and LaMaster, Daniel and Lopata, Kenneth},
  journal={Journal of Chemical Theory and Computation},
  volume={12},
  number={8},
  pages={3741--3750},
  year={2016},
  publisher={ACS Publications}
}

@article{Goings2016,
  title={An atomic orbital based real-time time-dependent density functional theory for computing electronic circular dichroism band spectra},
  author={Goings, Joshua J and Li, Xiaosong},
  journal={The Journal of Chemical Physics},
  volume={144},
  number={23},
  pages={234102},
  year={2016},
  publisher={AIP Publishing LLC}
}

@article{Huber2011,
  title={Explicitly time-dependent coupled cluster singles doubles calculations of laser-driven many-electron dynamics},
  author={Huber, Christian and Klamroth, Tillmann},
  journal={The Journal of Chemical Physics},
  volume={134},
  number={5},
  pages={054113},
  year={2011},
  publisher={American Institute of Physics}
}

@article{Pulay1983,
  title={Localizability of dynamic electron correlation},
  author={Pulay, Peter},
  journal={Chemical Physics Letters},
  volume={100},
  number={2},
  pages={151--154},
  year={1983},
  publisher={Elsevier}
}

@article{Hampel1996,
  title={Local treatment of electron correlation in coupled cluster theory},
  author={Hampel, Claudia and Werner, Hans-Joachim},
  journal={The Journal of Chemical Physics},
  volume={104},
  number={16},
  pages={6286--6297},
  year={1996},
  publisher={American Institute of Physics}
}

@article{Neese2009,
  title={Efficient and accurate approximations to the local coupled cluster singles doubles method using a truncated pair natural orbital basis},
  author={Neese, Frank and Hansen, Andreas and Liakos, Dimitrios G},
  journal={The Journal of chemical physics},
  volume={131},
  number={6},
  pages={064103},
  year={2009},
  publisher={American Institute of Physics}
}

@article{Schutz2001,
  title={Low-order scaling local electron correlation methods. IV. Linear scaling local coupled-cluster (LCCSD)},
  author={Sch{\"u}tz, Martin and Werner, Hans-Joachim},
  journal={The Journal of Chemical Physics},
  volume={114},
  number={2},
  pages={661--681},
  year={2001},
  publisher={American Institute of Physics}
}

@article{Yang2012,
  title={The orbital-specific-virtual local coupled cluster singles and doubles method},
  author={Yang, Jun and Chan, Garnet Kin-Lic and Manby, Frederick R and Sch{\"u}tz, Martin and Werner, Hans-Joachim},
  journal={The Journal of Chemical Physics},
  volume={136},
  number={14},
  pages={144105},
  year={2012},
  publisher={American Institute of Physics}
}

@article{Russ2004,
  title={Local correlation in coupled cluster calculations of molecular response properties},
  author={Russ, Nicholas J and Crawford, T Daniel},
  journal={Chemical physics letters},
  volume={400},
  number={1-3},
  pages={104--111},
  year={2004},
  publisher={Elsevier}
}

@article{McAlexander2012,
  title={Localized optimized orbitals, coupled cluster theory, and chiroptical response properties},
  author={McAlexander, Harley R and Mach, Taylor J and Crawford, T Daniel},
  journal={Physical Chemistry Chemical Physics},
  volume={14},
  number={21},
  pages={7830--7836},
  year={2012},
  publisher={Royal Society of Chemistry}
}

@article{Crawford2019,
  title={Reduced-scaling coupled cluster response theory: Challenges and opportunities},
  author={Crawford, T Daniel and Kumar, Ashutosh and Bazant{\'e}, Alexandre P and Di Remigio, Roberto},
  journal={Wiley Interdisciplinary Reviews: Computational Molecular Science},
  volume={9},
  number={4},
  pages={e1406},
  year={2019},
  publisher={Wiley Online Library}
}

@article{Gordon2012,
  title={Fragmentation methods: A route to accurate calculations on large systems},
  author={Gordon, Mark S and Fedorov, Dmitri G and Pruitt, Spencer R and Slipchenko, Lyudmila V},
  journal={Chemical reviews},
  volume={112},
  number={1},
  pages={632--672},
  year={2012},
  publisher={ACS Publications}
}

@article{Epifanovsky2013,
  title={General implementation of the resolution-of-the-identity and Cholesky representations of electron repulsion integrals within coupled-cluster and equation-of-motion methods: Theory and benchmarks},
  author={Epifanovsky, Evgeny and Zuev, Dmitry and Feng, Xintian and Khistyaev, Kirill and Shao, Yihan and Krylov, Anna I},
  journal={The Journal of chemical physics},
  volume={139},
  number={13},
  pages={134105},
  year={2013},
  publisher={American Institute of Physics}
}

@article{Li2004,
  title={Divide-and-conquer local correlation approach to the correlation energy of large molecules},
  author={Li, Wei and Li, Shuhua},
  journal={The Journal of chemical physics},
  volume={121},
  number={14},
  pages={6649--6657},
  year={2004},
  publisher={American Institute of Physics}
}

@article{Li2009,
  title={Local correlation calculations using standard and renormalized coupled-cluster approaches},
  author={Li, Wei and Piecuch, Piotr and Gour, Jeffrey R and Li, Shuhua},
  journal={The Journal of chemical physics},
  volume={131},
  number={11},
  pages={114109},
  year={2009},
  publisher={American Institute of Physics}
}

@article{Kinoshita2003,
  title={Singular value decomposition approach for the approximate coupled-cluster method},
  author={Kinoshita, Tomoko and Hino, Osamu and Bartlett, Rodney J},
  journal={The Journal of chemical physics},
  volume={119},
  number={15},
  pages={7756--7762},
  year={2003},
  publisher={American Institute of Physics}
}

@article{Koch2003,
  title={Reduced scaling in electronic structure calculations using Cholesky decompositions},
  author={Koch, Henrik and S{\'a}nchez de Mer{\'a}s, Alfredo and Pedersen, Thomas Bondo},
  journal={The Journal of chemical physics},
  volume={118},
  number={21},
  pages={9481--9484},
  year={2003},
  publisher={American Institute of Physics}
}

@article{Hohenstein2012,
  title={Tensor hypercontraction density fitting. I. Quartic scaling second-and third-order M{\o}ller-Plesset perturbation theory},
  author={Hohenstein, Edward G and Parrish, Robert M and Mart{\'\i}nez, Todd J},
  journal={The Journal of chemical physics},
  volume={137},
  number={4},
  pages={044103},
  year={2012},
  publisher={American Institute of Physics}
}

@article{Schutski2017,
  title={Tensor-structured coupled cluster theory},
  author={Schutski, Roman and Zhao, Jinmo and Henderson, Thomas M and Scuseria, Gustavo E},
  journal={The Journal of chemical physics},
  volume={147},
  number={18},
  pages={184113},
  year={2017},
  publisher={AIP Publishing LLC}
}

@article{Parrish2019,
  title={Rank reduced coupled cluster theory. I. Ground state energies and wavefunctions},
  author={Parrish, Robert M and Zhao, Yao and Hohenstein, Edward G and Mart{\'\i}nez, Todd J},
  journal={The Journal of chemical physics},
  volume={150},
  number={16},
  pages={164118},
  year={2019},
  publisher={AIP Publishing LLC}
}

@article{Pawlowski2019,
  title={Cluster perturbation theory. I. Theoretical foundation for a coupled cluster target state and ground-state energies},
  author={Paw{\l}owski, Filip and Olsen, Jeppe and J{\o}rgensen, Poul},
  journal={The Journal of chemical physics},
  volume={150},
  number={13},
  pages={134108},
  year={2019},
  publisher={AIP Publishing LLC}
}

@article{Helgaker2012,
  title={Recent advances in wave function-based methods of molecular-property calculations},
  author={Helgaker, Trygve and Coriani, Sonia and J{\o}rgensen, Poul and Kristensen, Kasper and Olsen, Jeppe and Ruud, Kenneth},
  journal={Chemical Reviews},
  volume={112},
  number={1},
  pages={543--631},
  year={2012},
  publisher={ACS Publications}
}

@article{Li2020,
  title={Real-time time-dependent electronic structure theory},
  author={Li, Xiaosong and Govind, Niranjan and Isborn, Christine and DePrince III, A Eugene and Lopata, Kenneth},
  journal={Chemical Reviews},
  volume={120},
  number={18},
  pages={9951--9993},
  year={2020},
  publisher={ACS Publications}
}

@article{Pedersen2020,
  title={Interpretation of Coupled-Cluster Many-Electron Dynamics in Terms of Stationary States},
  author={Pedersen, Thomas Bondo and Kristiansen, H{\aa}kon Emil and Bodenstein, Tilmann and Kvaal, Simen and Sch{\o}yen, {\O}yvind Sigmundson},
  journal={Journal of Chemical Theory and Computation},
  volume={17},
  number={1},
  pages={388--404},
  year={2020},
  publisher={ACS Publications}
}

@article{Repisky2015,
  title={Excitation energies from real-time propagation of the four-component Dirac--Kohn--Sham equation},
  author={Repisky, Michal and Konecny, Lukas and Kadek, Marius and Komorovsky, Stanislav and Malkin, Olga L and Malkin, Vladimir G and Ruud, Kenneth},
  journal={Journal of chemical theory and computation},
  volume={11},
  number={3},
  pages={980--991},
  year={2015},
  publisher={ACS Publications}
}

@book{Barron2009,
  title={Molecular light scattering and optical activity},
  author={Barron, Laurence D},
  year={2009},
  publisher={Cambridge University Press}
}

@article{Dunning1989,
  title={Gaussian basis sets for use in correlated molecular calculations. I. The atoms boron through neon and hydrogen},
  author={Dunning Jr, Thom H},
  journal={The Journal of chemical physics},
  volume={90},
  number={2},
  pages={1007--1023},
  year={1989},
  publisher={American Institute of Physics}
}

@misc{pycc,
  author = {T. D. Crawford and B. G. Peyton and Z. Wang},
  note = {http://github.com/CrawfordGroup/pycc}}

@article{Harris2020,
  title={Array programming with NumPy},
  author={Harris, Charles R and Millman, K Jarrod and Van Der Walt, St{\'e}fan J and Gommers, Ralf and Virtanen, Pauli and Cournapeau, David and Wieser, Eric and Taylor, Julian and Berg, Sebastian and Smith, Nathaniel J and others},
  journal={Nature},
  volume={585},
  number={7825},
  pages={357--362},
  year={2020},
  publisher={Nature Publishing Group}
}

@article{Smith2020,
  title={PSI4 1.4: Open-source software for high-throughput quantum chemistry},
  author={Smith, Daniel GA and Burns, Lori A and Simmonett, Andrew C and Parrish, Robert M and Schieber, Matthew C and Galvelis, Raimondas and Kraus, Peter and Kruse, Holger and Di Remigio, Roberto and Alenaizan, Asem and others},
  journal={The Journal of chemical physics},
  volume={152},
  number={18},
  pages={184108},
  year={2020},
  publisher={AIP Publishing LLC}
}
  
@article{Park2019,
  title={Equation of motion coupled-cluster for core excitation spectra: Two complementary approaches},
  author={Park, Young Choon and Perera, Ajith and Bartlett, Rodney J},
  journal={The Journal of Chemical Physics},
  volume={151},
  number={16},
  pages={164117},
  year={2019},
  publisher={AIP Publishing LLC}
}
  
@article{Park2021,
  title={Equation of motion coupled-cluster study of core excitation spectra II: Beyond the dipole approximation},
  author={Park, Young Choon and Perera, Ajith and Bartlett, Rodney J},
  journal={The Journal of Chemical Physics},
  volume={155},
  number={9},
  pages={094103},
  year={2021},
  publisher={AIP Publishing LLC}
}
  
@article{Cooper2021,
  title={Short Iterative Lanczos Integration in Time-Dependent Equation-of-Motion Coupled-Cluster Theory},
  author={Cooper, Brandon C and Koulias, Lauren N and Nascimento, Daniel R and Li, Xiaosong and DePrince III, A Eugene},
  journal={The Journal of Physical Chemistry A},
  volume={125},
  number={24},
  pages={5438--5447},
  year={2021},
  publisher={ACS Publications}
}
  
 @article{Nascimento2016linear,
  title={Linear absorption spectra from explicitly time-dependent equation-of-motion coupled-cluster theory},
  author={Nascimento, Daniel R and DePrince III, A Eugene},
  journal={Journal of Chemical Theory and Computation},
  volume={12},
  number={12},
  pages={5834--5840},
  year={2016},
  publisher={ACS Publications}
}

@article{Nascimento2019,
  title={A general time-domain formulation of equation-of-motion coupled-cluster theory for linear spectroscopy},
  author={Nascimento, Daniel R and DePrince III, A Eugene},
  journal={The Journal of Chemical Physics},
  volume={151},
  number={20},
  pages={204107},
  year={2019},
  publisher={AIP Publishing LLC}
}

@article{Koulias2019,
  title={Relativistic real-time time-dependent equation-of-motion coupled-cluster},
  author={Koulias, Lauren N and Williams-Young, David B and Nascimento, Daniel R and DePrince III, A Eugene and Li, Xiaosong},
  journal={Journal of Chemical Theory and Computation},
  volume={15},
  number={12},
  pages={6617--6624},
  year={2019},
  publisher={ACS Publications}
}

@article{Ding2013,
author = {Ding,Feizhi  and Van Kuiken,Benjamin E.  and Eichinger,Bruce E.  and Li,Xiaosong },
title = {An efficient method for calculating dynamical hyperpolarizabilities using real-time time-dependent density functional theory},
journal = {The Journal of Chemical Physics},
volume = {138},
number = {6},
pages = {064104},
year = {2013},
doi = {10.1063/1.4790583},
URL = {https://doi.org/10.1063/1.4790583},
eprint = {https://doi.org/10.1063/1.4790583}
}


